
@book{riguzzi2022foundations,
	address = {New York},
	edition = {1},
	title = {Foundations of {Probabilistic} {Logic} {Programming}: {Languages}, {Semantics}, {Inference} and {Learning}},
	isbn = {978-1-00-333819-2},
	shorttitle = {Foundations of {Probabilistic} {Logic} {Programming}},
	url = {https://www.taylorfrancis.com/books/9781003338192},
	language = {en},
	urldate = {2023-03-01},
	publisher = {River Publishers},
	author = {Riguzzi, Fabrizio},
	month = sep,
	year = {2022},
	doi = {10.1201/9781003338192},
	file = {Riguzzi - 2018 - Foundations of probabilistic logic programming la.pdf:/home/fc/sci/zotero/storage/X84FP7FV/Riguzzi - 2018 - Foundations of probabilistic logic programming la.pdf:application/pdf},
}
